<record><leader>00000cas a22000007a 4500</leader><controlfield tag="001">18154781</controlfield><controlfield tag="008">880630d188019uunyuwr ne      0    0eng d</controlfield><datafield ind1=" " ind2=" " tag="010"><subfield code="a">sn 88074530 </subfield></datafield><datafield ind1=" " ind2=" " tag="040"><subfield code="a">NYS</subfield><subfield code="b">eng</subfield><subfield code="c">NYS</subfield><subfield code="d">OCLCQ</subfield></datafield><datafield ind1=" " ind2=" " tag="042"><subfield code="a">msc</subfield></datafield><datafield ind1="0" ind2=" " tag="130"><subfield code="a">Broadalbin herald (Broadalbin, N.Y. : 1880)</subfield></datafield><datafield ind1="1" ind2="4" tag="245"><subfield code="a">The Broadalbin herald.</subfield></datafield><datafield ind1=" " ind2=" " tag="260"><subfield code="a">Broadalbin, N.Y. :</subfield><subfield code="b">C.H. Butler</subfield></datafield><datafield ind1=" " ind2=" " tag="300"><subfield code="a">v. :</subfield><subfield code="b">ill. ;</subfield><subfield code="c">53-69 cm.</subfield></datafield><datafield ind1=" " ind2=" " tag="310"><subfield code="a">Weekly</subfield></datafield><datafield ind1="1" ind2=" " tag="362"><subfield code="a">Began in May 1880?</subfield></datafield><datafield ind1=" " ind2=" " tag="500"><subfield code="a">Publishers: C.H. Butler, &lt;1880&gt;- ; William J. Kline, &lt;Oct. 1881-1882&gt;; Kline &amp; Gardiner, &lt;1885-1886&gt;; William J. Kline, &lt;1887-1888&gt;; Collins &amp; Leaning, &lt;1895&gt;; William B. Collins, &lt;1898-1901&gt;; Collins &amp; Combes, &lt;1907&gt;.</subfield></datafield><datafield ind1=" " ind2=" " tag="500"><subfield code="a">Editor: John M. Gardiner, &lt;1880-1881&gt;.</subfield></datafield><datafield ind1=" " ind2=" " tag="588"><subfield code="a">Description based on: Vol. 3, no. 21 (Sept. 24, 1880).</subfield></datafield><datafield ind1=" " ind2="4" tag="651"><subfield code="a">Broadalbin (N.Y.)</subfield><subfield code="v">Newspapers.</subfield></datafield><datafield ind1=" " ind2="4" tag="651"><subfield code="a">Fulton County (N.Y.)</subfield><subfield code="v">Newspapers.</subfield></datafield><datafield ind1=" " ind2=" " tag="752"><subfield code="a">United States</subfield><subfield code="b">New York</subfield><subfield code="c">Fulton</subfield><subfield code="d">Broadalbin.</subfield></datafield><datafield ind1="0" ind2="1" tag="780"><subfield code="t">Amsterdam weekly Democrat and Broadalbin herald</subfield><subfield code="w">(DLC)sn 88074626</subfield></datafield></record>